% Encoding: UTF-8

@Article{MR2810285,
  author     = {Bayati, M. and Montanari, A.},
  journal    = {IEEE Trans. Inform. Theory},
  title      = {The dynamics of message passing on dense graphs, with applications to compressed sensing},
  year       = {2011},
  issn       = {0018-9448},
  number     = {2},
  pages      = {764--785},
  volume     = {57},
  doi        = {10.1109/TIT.2010.2094817},
  fjournal   = {Institute of Electrical and Electronics Engineers. Transactions on Information Theory},
  mrclass    = {94A12 (05C90 60B20 94A08)},
  mrnumber   = {2810285},
  mrreviewer = {Robby G. McKilliam},
  url        = {https://doi.org/10.1109/TIT.2010.2094817},
}

@Article{zdeborova2016statistical,
  author    = {Zdeborov{\'a}, L. and Krzakala, F.},
  journal   = {Advances in Physics},
  title     = {Statistical physics of inference: Thresholds and algorithms},
  year      = {2016},
  number    = {5},
  pages     = {453--552},
  volume    = {65},
  doi       = {https://doi.org/10.1080/00018732.2016.1211393},
  publisher = {Taylor \& Francis},
}

@Article{donoho2009message,
  author    = {Donoho, D. and Maleki, A. and Montanari, A.},
  journal   = {Proceedings of the National Academy of Sciences},
  title     = {Message-passing algorithms for compressed sensing},
  year      = {2009},
  number    = {45},
  pages     = {18914--18919},
  volume    = {106},
  doi       = {https://doi.org/10.1073/pnas.0909892106},
  publisher = {National Acad Sciences},
}

@InProceedings{bu2019algorithmic,
  author    = {Bu, Z. and Klusowski, J. and Rush, C. and Su, W.},
  booktitle = {Advances in Neural Information Processing Systems},
  title     = {Algorithmic analysis and statistical estimation of slope via approximate message passing},
  year      = {2019},
  pages     = {9366--9376},
  url       = {http://par.nsf.gov/biblio/10163278},
}

@Article{MR3418717,
  author     = {Bogdan, M. and van den Berg, E. and Sabatti, C. and Su, W. and Cand\`es, E. J.},
  journal    = {Ann. Appl. Stat.},
  title      = {S{LOPE}---adaptive variable selection via convex optimization},
  year       = {2015},
  issn       = {1932-6157},
  number     = {3},
  pages      = {1103--1140},
  volume     = {9},
  doi        = {10.1214/15-AOAS842},
  fjournal   = {The Annals of Applied Statistics},
  mrclass    = {62J07 (62J05 62J15)},
  mrnumber   = {3418717},
  mrreviewer = {Lu Lin},
  url        = {https://doi.org/10.1214/15-AOAS842},
}

@Article{MR3852663,
  author   = {Bellec, P. C. and Lecu\'{e}, G. and Tsybakov, A. B.},
  journal  = {Ann. Statist.},
  title    = {Slope meets {L}asso: improved oracle bounds and optimality},
  year     = {2018},
  issn     = {0090-5364},
  number   = {6B},
  pages    = {3603--3642},
  volume   = {46},
  doi      = {10.1214/17-AOS1670},
  fjournal = {The Annals of Statistics},
  mrclass  = {62H12 (62C20 62G20 62J07)},
  mrnumber = {3852663},
  url      = {https://doi.org/10.1214/17-AOS1670},
}

@Article{MR2486527,
  author   = {Beck, A. and Teboulle, M.},
  journal  = {SIAM J. Imaging Sci.},
  title    = {A fast iterative shrinkage-thresholding algorithm for linear inverse problems},
  year     = {2009},
  number   = {1},
  pages    = {183--202},
  volume   = {2},
  doi      = {10.1137/080716542},
  fjournal = {SIAM Journal on Imaging Sciences},
  mrclass  = {35R30 (65F22 90C06 90C25)},
  mrnumber = {2486527},
  url      = {https://doi.org/10.1137/080716542},
}

@Book{MR3719240,
  author     = {Beck, A,},
  publisher  = {Society for Industrial and Applied Mathematics (SIAM), Philadelphia, PA; Mathematical Optimization Society, Philadelphia, PA},
  title      = {First-order methods in optimization},
  year       = {2017},
  isbn       = {978-1-611974-98-0},
  series     = {MOS-SIAM Series on Optimization},
  volume     = {25},
  doi        = {10.1137/1.9781611974997.ch1},
  mrclass    = {90-02 (49M20 65K05 90C06 90C25)},
  mrnumber   = {3719240},
  mrreviewer = {Sven-\AA ke Gustafson},
  pages      = {xii+475},
  url        = {https://doi.org/10.1137/1.9781611974997.ch1},
}

@Comment{jabref-meta: databaseType:bibtex;}
